%% This BibTeX bibliography file was created using BibDesk.
%% http://bibdesk.sourceforge.net/


%% Created for Florian Hollenbach at 2011-03-07 16:19:10 -0500 


%% Saved with string encoding Unicode (UTF-8) 



@article{Cuzan:Bundrick:2008,
	Author = {Cuz\`an, Alfred G. and Bundrick, Charles M.},
	Date-Added = {2011-03-07 12:51:15 -0500},
	Date-Modified = {2011-03-07 13:08:10 -0500},
	Journal = {PS: Political Science \& Politics},
	Number = {4},
	Pages = {717-722},
	Title = {Forecasting the 2008 Presidential Election: A Challenge for the Fiscal Model},
	Volume = {41},
	Year = {2008}}

@article{Lockerbie:2008,
	Author = {Lockerbie, Brad},
	Date-Added = {2011-03-07 12:49:34 -0500},
	Date-Modified = {2011-03-07 12:50:32 -0500},
	Journal = {PS: Political Science \& Politics},
	Number = {4},
	Pages = {713-716},
	Title = {Election Forecasting: The Future of the Presidency and the House},
	Volume = {41},
	Year = {2008}}

@article{Holbrook:2008,
	Author = {Holbrook, Thomas M.},
	Date-Added = {2011-03-07 12:46:30 -0500},
	Date-Modified = {2011-03-07 12:47:29 -0500},
	Journal = {PS: Political Science \& Politics},
	Number = {4},
	Pages = {709-712},
	Title = {Incumbency, National Conditions, and the 2008 Presidential Election},
	Volume = {41},
	Year = {2008}}

@article{Erikson:Wlezien:2008,
	Author = {Erikson, Robert S. and Wlezien, Christopher},
	Date-Added = {2011-03-07 12:45:28 -0500},
	Date-Modified = {2011-03-07 12:46:19 -0500},
	Journal = {PS: Political Science \& Politics},
	Number = {4},
	Pages = {703-707},
	Title = {Leading Economic Indicators, the Polls, and the Presidential Vote},
	Volume = {41},
	Year = {2008}}

@article{Abramowitz:2008,
	Author = {Abramowitz, Alan I.},
	Date-Added = {2011-03-07 12:43:07 -0500},
	Date-Modified = {2011-03-07 12:44:05 -0500},
	Journal = {PS: Political Science \& Politics},
	Number = {4},
	Pages = {691-695},
	Title = {Forecasting the 2008 Presidential Election with the Time-for-Change Model},
	Volume = {41},
	Year = {2008}}

@article{Lewis-Beck:Tien:2008,
	Author = {Lewis-Beck, Michael S. and Tien, Charles},
	Date-Added = {2011-03-07 12:42:00 -0500},
	Date-Modified = {2011-03-07 12:43:03 -0500},
	Journal = {PS: Political Science \& Politics},
	Number = {4},
	Pages = {687-690},
	Title = {The Job of President and the Jobs Model Forecast: Obama for '08?},
	Volume = {41},
	Year = {2008}}

@article{Norpoth:2008,
	Author = {Norpoth, Helmut},
	Date-Added = {2011-03-07 12:41:03 -0500},
	Date-Modified = {2011-03-07 12:41:56 -0500},
	Journal = {PS: Political Science \& Politics},
	Number = {4},
	Pages = {683-686},
	Title = {On the Razor's Edge: The Forecast of the Primary Model},
	Volume = {41},
	Year = {2008}}

@article{Campbell:2008,
	Author = {Campbell, James E.},
	Date-Added = {2011-03-07 12:39:19 -0500},
	Date-Modified = {2011-03-07 12:45:17 -0500},
	Journal = {PS: Political Science \& Politics},
	Number = {4},
	Pages = {697-701},
	Title = {The Trial-Heat Forecast of the 2008 Presidential Vote: Performance and Value Considerations in an Open-Seat Election},
	Volume = {41},
	Year = {2008}}

@article{Brier:1950,
	Author = {Brier, Glenn W.},
	Date-Added = {2011-03-06 13:30:44 -0500},
	Date-Modified = {2011-03-06 13:31:58 -0500},
	Journal = {Monthly Weather Review},
	Number = {1},
	Pages = {1-3},
	Title = {Verification of Forecasts Expressed in Terms of Probability},
	Volume = {78},
	Year = {1950}}

@unpublished{PolityIV,
	Author = {Marshall, Monty G. and Jaggers, Keith and Gurr, Ted Robert},
	Date-Added = {2011-03-05 15:45:12 -0500},
	Date-Modified = {2011-03-05 15:45:12 -0500},
	Howpublished = {electronic Data File (version p4v2007)},
	Note = {CIDCM: University of Maryland, MD},
	Title = {Polity IV Project: Political Regime Characteristics and Transition 1800-2007},
	Year = {2009}}

@article{Goldstone:etal:2010,
	Author = {Goldstone, Jack A. and Bates, Robert H. and Epstein, David L. and Gurr, Ted Robert and Lustik, Michael B. and Marshall, Monty G. and Ulfelder, Jay and Woodward, Mark},
	Date-Added = {2011-03-05 13:18:40 -0500},
	Date-Modified = {2011-03-05 13:20:55 -0500},
	Journal = {American Journal of Political Science},
	Number = {1},
	Pages = {190-208},
	Title = {A Global Model for Forecasting Political Instability},
	Volume = {54},
	Year = {2010}}

@misc{Gleditsch:Ward:2010,
	Author = {Gleditsch, Kristian Skrede and Ward, Michael D.},
	Date-Added = {2011-03-05 12:47:44 -0500},
	Date-Modified = {2011-03-05 12:49:34 -0500},
	Howpublished = {Presented to the 2010 Annual Meeting of the International Studies Association},
	Title = {Contentious Issues and Forecasting Interstate Disputes},
	Year = {2010}}

@article{Bennett:Stam:2009,
	Author = {Bennett, D. Scott and Stam, Allan C.},
	Date-Added = {2011-03-05 12:45:24 -0500},
	Date-Modified = {2011-03-05 12:46:47 -0500},
	Journal = {Conflict Management and Peace Science},
	Number = {3},
	Pages = {256-267},
	Title = {Revisiting Predictions of War Duration},
	Volume = {26},
	Year = {2009}}

@article{Brandt:etal:2008,
	Author = {Brandt, Patrick T. and Colaresi, Michael and Freeman, John R.},
	Date-Added = {2011-03-05 12:41:52 -0500},
	Date-Modified = {2011-03-05 12:44:08 -0500},
	Journal = {The Journal of Conflict Resolution},
	Number = {3},
	Pages = {343-374},
	Title = {The Dynamics of Reciprocity, Accountability, and Credibility},
	Volume = {52},
	Year = {2008}}

@article{Ward:etal:2007,
	Author = {Ward, Michael D. and Siverson, Randolph M. and Cao, Xun},
	Date-Added = {2011-03-05 11:58:16 -0500},
	Date-Modified = {2011-03-05 11:59:38 -0500},
	Journal = {American Journal of Political Science},
	Number = {3},
	Pages = {583-601},
	Title = {Disputes, Democracies, and Dependencies: A Reexamination of the Kantian Peace},
	Volume = {51},
	Year = {2007}}

@article{Leblang:Satyanath:2006,
	Author = {Leblang, David and Satyanath, Shanker},
	Date-Added = {2011-03-05 11:55:12 -0500},
	Date-Modified = {2011-03-05 11:57:23 -0500},
	Journal = {International Organization},
	Number = {1},
	Pages = {245-262},
	Title = {Institutions, Expectations, and Currency Crises},
	Volume = {60},
	Year = {2006}}

@article{Enders:Sandler:2005,
	Author = {Enders, Walter and Sandler, Todd},
	Date-Added = {2011-03-05 11:53:04 -0500},
	Date-Modified = {2011-03-05 11:54:02 -0500},
	Journal = {The Journal of Conflict Resolution},
	Number = {2},
	Pages = {259-277},
	Title = {After 9/11: Is it All Different Now?},
	Volume = {49},
	Year = {2005}}

@article{Fearon:Laitin:2003,
	Author = {Fearon, James D. and Laitin, David D.},
	Date-Added = {2011-03-05 11:51:02 -0500},
	Date-Modified = {2011-03-05 11:52:34 -0500},
	Journal = {American Political Science Review},
	Number = {1},
	Pages = {75-90},
	Title = {Ethnicity, Insurgency and Civil War},
	Volume = {97},
	Year = {2003}}

@book{BDM:2002,
	Address = {Columbus, OH},
	Author = {de Mesquita, Bruce Bueno},
	Date-Added = {2011-03-05 11:49:49 -0500},
	Date-Modified = {2011-03-05 11:50:49 -0500},
	Publisher = {Ohio State University Press},
	Title = {Predicting Politics},
	Year = {2002}}

@article{Schrodt:Gerner:2000,
	Author = {Schrodt, Philip A. and Gerner, Deborah J.},
	Date-Added = {2011-03-05 11:40:01 -0500},
	Date-Modified = {2011-03-05 11:41:10 -0500},
	Journal = {American Political Science Review},
	Number = {4},
	Pages = {803-818},
	Title = {Using Cluster Analysis to Derive Early Warning Indicators for Political Change in the Middle East, 1979-1996},
	Volume = {94},
	Year = {2000}}

@article{Pevehouse:Goldstein:1999,
	Author = {Pevehouse, Jon C. and Goldstein, Joshua S.},
	Date-Added = {2011-03-05 11:35:36 -0500},
	Date-Modified = {2011-03-05 11:38:22 -0500},
	Journal = {The Journal of Conflict Resolution},
	Number = {4},
	Pages = {538-546},
	Title = {Serbian Compliance or Defiance in Kosovo? Statistical Analysis and Real-Time Predictions},
	Volume = {43},
	Year = {1999}}

@book{Davies:Gurr:1998,
	Address = {Lanham, Md},
	Author = {Davies, John L. and Gurr, Ted Robert},
	Date-Added = {2011-03-05 11:32:22 -0500},
	Date-Modified = {2011-03-05 12:58:20 -0500},
	Publisher = {Rowman \& Littlefield Publishers},
	Title = {Preventive Measures: Building Risk Assessment and Crisis Early Warning Systems},
	Year = {1998}}

@article{Krause:1997,
	Author = {Krause, George A.},
	Date-Added = {2011-03-05 11:31:05 -0500},
	Date-Modified = {2011-03-05 11:32:06 -0500},
	Journal = {American Journal of Political Science},
	Number = {4},
	Pages = {1170-1200},
	Title = {Voters, Information Heterogeneity, and the Dynamics of Aggregate Economic Expectations},
	Volume = {41},
	Year = {1997}}

@article{Campbell:1992,
	Author = {Campbell, James E.},
	Date-Added = {2011-03-05 11:22:53 -0500},
	Date-Modified = {2011-03-05 11:23:53 -0500},
	Journal = {American Journal of Political Science},
	Number = {2},
	Pages = {386-407},
	Title = {Forecasting the Presidential Vote in the States},
	Volume = {36},
	Year = {1992}}

@article{Vincent:1980,
	Author = {Vincent, Jack E.},
	Date-Added = {2011-03-05 11:21:15 -0500},
	Date-Modified = {2011-03-05 11:22:15 -0500},
	Journal = {International Studies Quarterly},
	Number = {3},
	Pages = {450-454},
	Title = {Scientific Prediction versus Crystal Ball Gazing: Can the Unknown be Known?},
	Volume = {24},
	Year = {1980}}

@book{Singer:Wallace:1979,
	Address = {Beverly Hills},
	Author = {Singer, J. David and Wallace, Michael D.},
	Date-Added = {2011-03-05 11:18:54 -0500},
	Date-Modified = {2011-03-05 11:20:16 -0500},
	Publisher = {Sage Publications},
	Title = {To Augur Well: Early Warning Indicators in World Politics},
	Year = {1979}}

@book{Choucri:Robinson:1978,
	Address = {San Francisco},
	Date-Added = {2011-03-05 11:14:35 -0500},
	Date-Modified = {2011-03-05 11:16:38 -0500},
	Editor = {Choucri, Nazli and Robinson, Thomas W.},
	Publisher = {W.H. Freeman},
	Title = {Forecasting in International Relations: Theory, Methods, Problems, Prospects},
	Year = {1978}}

@article{Andriole:Young:1977,
	Author = {Andriole, Stephen J. and Young, Robert A.},
	Date-Added = {2011-03-05 11:07:57 -0500},
	Date-Modified = {2011-03-05 11:09:58 -0500},
	Journal = {International Studies Quarterly},
	Number = {1},
	Pages = {107-150},
	Title = {Toward the Development of an Integrated Crisis Warning System},
	Volume = {21},
	Year = {1977}}

@article{Beck:etal:2004,
	Author = {Beck, Nathaniel and King, Gary and Zeng, Langche},
	Date-Added = {2011-03-04 20:18:22 -0500},
	Date-Modified = {2011-03-04 20:19:54 -0500},
	Journal = {American Political Science Review},
	Number = {2},
	Pages = {379-389},
	Title = {Theory and Evidence in International Conflict: A Response to de Marchi, Gelpi and Grynaviski},
	Volume = {98},
	Year = {2004}}

@article{Demarchi:etal:2004,
	Author = {De Marchi, Scott and Gelpi, Christopher and Grynaviski, Jeffrey D.},
	Date-Added = {2011-03-04 20:09:37 -0500},
	Date-Modified = {2011-03-04 20:11:26 -0500},
	Journal = {American Political Science Review},
	Number = {2},
	Pages = {371-378},
	Title = {Untangling Neural Nets},
	Volume = {98},
	Year = {2004}}

@article{Doran:1999,
	Author = {Doran, Charles F.},
	Date-Added = {2011-03-04 20:02:14 -0500},
	Date-Modified = {2011-03-04 20:04:30 -0500},
	Journal = {International Studies Review},
	Number = {2},
	Pages = {11-41},
	Title = {Why Forecasts Fail: The Limits and Potential of Forecasting in International Relations and Economics},
	Volume = {1},
	Year = {1999}}

@article{Feder:2002,
	Author = {Feder, Stanley A.},
	Date-Added = {2011-03-04 19:57:43 -0500},
	Date-Modified = {2011-03-04 20:00:55 -0500},
	Journal = {Annual Review of Political Science},
	Pages = {111-125},
	Title = {Forecasting For Policy Making in the Post-Cold War Period},
	Volume = {5},
	Year = {2002}}

@article{Freeman:Job:1979,
	Author = {Freeman, John R. and Job, Brian L.},
	Date-Added = {2011-03-04 19:42:19 -0500},
	Date-Modified = {2011-03-04 19:43:34 -0500},
	Journal = {International Studies Quarterly},
	Number = {1},
	Pages = {113-143},
	Title = {Scientific Forecasts in International Relations: Problems of Definition and Epistemology},
	Volume = {23},
	Year = {1979}}

@article{OBrien:2002,
	Author = {O'Brien, Sean P.},
	Date-Added = {2011-03-04 19:37:24 -0500},
	Date-Modified = {2011-03-04 19:39:26 -0500},
	Journal = {Journal of Conflict Resolution},
	Number = {6},
	Pages = {791-811},
	Title = {Anticipating the Good, the Bad, and the Ugly: An Early Warning Approach to Conflict and Instability Analysis},
	Volume = {46},
	Year = {2002}}

@article{King:Zeng:2001,
	Author = {King, Gary and Zeng, Langche},
	Date-Added = {2011-03-04 19:32:34 -0500},
	Date-Modified = {2011-03-04 19:33:34 -0500},
	Journal = {World Politics},
	Number = {4},
	Pages = {623-658},
	Title = {Improving Forecasts of State Failure},
	Volume = {53},
	Year = {2001}}

@article{Gurr:Lichbach:1986,
	Author = {Gurr, Ted Robert and Lichbach, Mark Irving},
	Date-Added = {2011-03-04 19:27:45 -0500},
	Date-Modified = {2011-03-05 11:34:19 -0500},
	Journal = {Comparative Political Studies},
	Number = {3},
	Pages = {3-38},
	Title = {Forecasting Internal Conflict: A Competitive Evaluation of Empirical Theories},
	Volume = {19},
	Year = {1986}}

@article{Hildebrand:etal:1976,
	Author = {Hildebrand, David K. and Laing, James D. and Rosenthal, Howard},
	Date-Added = {2011-03-04 19:10:32 -0500},
	Date-Modified = {2011-03-04 19:16:18 -0500},
	Journal = {The American Political Science Review},
	Number = {2},
	Pages = {509-535},
	Title = {Prediction Analysis in Political Research},
	Volume = {70},
	Year = {1976}}

@article{OBrien:2010,
	Author = {O'Brien, Sean P.},
	Date-Added = {2011-03-04 19:04:02 -0500},
	Date-Modified = {2011-03-04 19:08:39 -0500},
	Journal = {International Studies Review},
	Number = {1},
	Pages = {87-104},
	Title = {Crisis Early Warning and Decision Support: Contemporary Approaches and Thoughts on Future Research},
	Volume = {12},
	Year = {2010}}
