%% This BibTeX bibliography file was created using BibDesk.
%% http://bibdesk.sourceforge.net/


%% Created for Florian Hollenbach at 2011-07-03 17:29:12 -0400 


%% Saved with string encoding Unicode (UTF-8) 



@article{geweke:amisano:2011,
	Author = {John F. Geweke and Gianni Amisano},
	Date-Added = {2011-06-29 17:41:59 -0400},
	Date-Modified = {2011-06-29 17:47:39 -0400},
	Journal = {Journal of Applied Econometrics},
	Month = {January/February},
	Number = {1},
	Pages = {1-29},
	Title = {Hierarchical {M}arkov normal mixture models with applications to financial asset returns},
	Volume = {26},
	Year = {2011}}

@article{dawid:1982,
	Author = {A. Phillip Dawid},
	Date-Added = {2011-06-29 17:19:56 -0400},
	Date-Modified = {2011-07-03 16:39:11 -0400},
	Journal = {Journal of the American Statistical Association},
	Number = {379},
	Pages = {605-613},
	Title = {The well-calibrated Bayesian (with Discussion)},
	Volume = {77},
	Year = {1982}}

@article{dawid:1984,
	Author = {A. Phillip Dawid},
	Date-Added = {2011-06-29 17:15:21 -0400},
	Date-Modified = {2011-07-03 16:41:16 -0400},
	Journal = {Journal of the Royal Statistical Society. Series A (Statistics in Society)},
	Number = {2},
	Pages = {278-292},
	Title = {Present position and potential developments: some personal views. Statistical theory. The prequential approach (with Discussion)},
	Volume = {147},
	Year = {1984}}

@article{brandt:freeman:schrodt:2011,
	Author = {Patrick T. Brandt and John R. Freeman and Philip A. Schrodt},
	Date-Added = {2011-06-29 16:29:28 -0400},
	Date-Modified = {2011-06-29 16:36:54 -0400},
	Journal = {Paper prepared for the 28th Annual Summer Meeting of the Society for Political Methodology},
	Month = {July},
	Number = {July 28-30},
	Title = {Racing Horses: Constructing and Evaluating Forecasts in Political Science},
	Volume = {Princeton University},
	Year = {2011}}

@article{Author:2020b,
	Author = {Anne Author and Another Co Author},
	Journal = {Journal of Publications},
	Number = {1},
	Owner = {jacobmontgomery},
	Pages = {1-100},
	Timestamp = {2011.06.16},
	Title = {Yet another publication},
	Volume = {1},
	Year = {2020}}

@article{Author:2020,
	Author = {Anne Author},
	Journal = {Yet another Journal of Publications},
	Number = {1},
	Owner = {jacobmontgomery},
	Pages = {1-100},
	Timestamp = {2011.06.16},
	Title = {Publication},
	Volume = {1},
	Year = {2020}}

@article{Feldkircher:2010,
	Author = {Feldkircher, Martin},
	Date-Added = {2011-06-14 13:39:50 -0400},
	Date-Modified = {2011-06-14 13:40:20 -0400},
	Doi = {10.1002/for.1228},
	Issn = {1099-131X},
	Journal = {Journal of Forecasting},
	Pages = {{in press}},
	Publisher = {John Wiley & Sons, Ltd},
	Title = {Forecast Combination and {B}ayesian Model Averaging: A Prior Sensitivity Analysis},
	Url = {http://dx.doi.org/10.1002/for.1228},
	Year = {2011},
	Bdsk-Url-1 = {http://dx.doi.org/10.1002/for.1228}}

@article{Hoff:2007,
	Author = {Hoff, Peter D.},
	Date-Added = {2011-06-10 10:50:24 -0400},
	Date-Modified = {2011-07-03 16:48:19 -0400},
	Journal = {Annals of Applied Statistics},
	Number = {1},
	Owner = {jacobmontgomery},
	Pages = {265-283},
	Timestamp = {2011.06.09},
	Title = {Extending the Rank Likelihood for Semiparametric Copula Estimation},
	Volume = {1},
	Year = {2007}}

@article{Pitt:2002b,
	Author = {Mark A. Pitt and In Jae Myung},
	Date-Added = {2011-06-10 10:50:12 -0400},
	Date-Modified = {2011-06-14 15:15:41 -0400},
	Journal = {TRENDS in Cognitive Sciences},
	Number = {10},
	Owner = {jacobmontgomery},
	Pages = {421-425},
	Timestamp = {2011.06.09},
	Title = {When a Good Fit Can Be Bad},
	Volume = {6},
	Year = {2002}}

@article{Pitt:2002a,
	Author = {Mark A. Pitt and In Jae Myung and Shaobo Zhang},
	Date-Added = {2011-06-10 10:49:59 -0400},
	Date-Modified = {2011-06-10 10:49:59 -0400},
	Journal = {Psychological Review},
	Number = {3},
	Owner = {jacobmontgomery},
	Pages = {472-491},
	Timestamp = {2011.06.09},
	Title = {Toward a Method of Selecting Among Computational Models of Cognition},
	Volume = {109},
	Year = {2002}}

@article{wgb:2010,
	Author = {Michael D. Ward and Brian D. Greenhill and Kristin M. Bakke},
	Date-Added = {2011-06-09 14:09:12 -0700},
	Date-Modified = {2011-06-09 14:09:12 -0700},
	Journal = {Journal of Peace Research},
	Number = {4},
	Pages = {363-375},
	Title = {The Perils of Policy by p-value: Predicting Civil Conflict},
	Volume = {47},
	Year = {2010}}

@article{Whitely:2005,
	Author = {Whiteley, Paul F.},
	Journal = {The British Journal of Politics \& International Relations},
	Number = {2},
	Owner = {jacobmontgomery},
	Pages = {165-173},
	Timestamp = {2011.05.11},
	Title = {Forecasting Seats from Votes in {British} General Elections},
	Volume = {7},
	Year = {2005}}

@article{Lewis-Beck:2005,
	Author = {Lewis-Beck, Michael S.},
	Journal = {The British Journal of Politics \& International Relations},
	Number = {2},
	Owner = {jacobmontgomery},
	Pages = {145-164},
	Timestamp = {2011.05.11},
	Title = {Election Forecasting: Principles and Practice},
	Volume = {7},
	Year = {2005}}

@unpublished{Graefe:2010,
	Author = {Andreas Graefe and Aldfred G. Cuzan and Randal J. Jones and J. Scott Armstrong},
	Date-Modified = {2011-06-08 18:55:58 -0400},
	Note = {Working Paper. \url{http://dl.dropbox.com/u/3662406/Articles/Graefe_et_al_Combining.pdf} (accessed May 15, 2011)},
	Owner = {jacobmontgomery},
	Timestamp = {2011.05.12},
	Title = {Combining Forecasts for {U.S.} Presidential Elections: {The PollyVote}},
	Year = {2010}}

@article{Raftery:1995,
	Author = {Raftery, Adrian E.},
	Date-Modified = {2011-06-08 09:29:36 -0400},
	Journal = {Sociological Methodology},
	Number = {1},
	Pages = {111--163},
	Publisher = {JSTOR},
	Title = {Bayesian Model Selection in Social Research},
	Volume = {25},
	Year = {1995}}

@article{Raftery:2003,
	Author = {Raftery, Adrian E. and Zheng, Yingye},
	Issn = {0162-1459},
	Journal = {Journal of the American Statistical Association},
	Number = {464},
	Pages = {931--938},
	Publisher = {ASA},
	Title = {Long-run Performance of {B}ayesian Model Averaging},
	Volume = {98},
	Year = {2003}}

@article{Hoeting:1999,
	Author = {Hoeting, Jennifer A. and Madigan, David and Raftery, Adrian E. and Volinsky, Christopher T.},
	Date-Modified = {2011-06-14 13:48:20 -0400},
	Issn = {0883-4237},
	Journal = {Statistical Science},
	Number = {4},
	Pages = {382--417},
	Publisher = {Institute of Mathematical Statistics},
	Title = {Bayesian Model Averaging: A Tutorial},
	Volume = {14},
	Year = {1999}}

@article{Gill:2004,
	Author = {Gill, Jeff},
	Journal = {Political Analysis},
	Number = {4},
	Owner = {jacobmontgomery},
	Pages = {647--674},
	Timestamp = {2011.03.04},
	Title = {Introduction to the Special Issue},
	Volume = {12},
	Year = {2004}}

@article{Geer:2006b,
	Author = {Geer, John and Lau, Richard R.},
	Issn = {0007-1234},
	Journal = {British Journal of Political Science},
	Number = {2},
	Pages = {269--290},
	Publisher = {Cambridge Univ Press},
	Title = {Filling in the Blanks: A New Method for Estimating Campaign Effects},
	Volume = {36},
	Year = {2006}}

@article{Montgomery:2010c,
	Author = {Montgomery, Jacob M. and Nyhan, Brendan},
	Issn = {1047-1987},
	Journal = {Political Analysis},
	Number = {2},
	Pages = {245--270},
	Publisher = {SPM-PMSAPSA},
	Title = {Bayesian Model Averaging: Theoretical Developments and Practical Applications},
	Volume = {18},
	Year = {2010}}

@article{Sloughter:2007,
	Author = {Sloughter, J. McLean and Raftery, Adrian E. and Gneiting, Tilmann and Fraley, Chris},
	Date-Modified = {2011-06-08 09:33:57 -0400},
	Issn = {0027-0644},
	Journal = {Monthly Weather Review},
	Number = {9},
	Pages = {3209--3220},
	Publisher = {Citeseer},
	Title = {Probabilistic Quantitative Precipitation Forecasting Using {B}ayesian Model Averaging},
	Volume = {135},
	Year = {2007}}

@article{Sloughter:2010,
	Author = {Sloughter, J. McLean and Gneiting, Tilmann and Raftery, Adrian E.},
	Date-Modified = {2011-06-08 09:30:51 -0400},
	Issn = {0162-1459},
	Journal = {Journal of the American Statistical Association},
	Number = {489},
	Pages = {25--35},
	Publisher = {ASA},
	Title = {Probabilistic Wind Speed Forecasting Using Ensembles and {B}ayesian Model Averaging},
	Volume = {105},
	Year = {2010}}

@article{Hamill:2004,
	Author = {Hamill, Thomas S. and Jeffrey S. Whitaker and Xue Wei},
	Date-Modified = {2011-06-14 15:10:13 -0400},
	Journal = {Monthly Weather Review},
	Number = {6},
	Owner = {jacobmontgomery},
	Pages = {1434 -- 1447},
	Timestamp = {2011.03.03},
	Title = {Ensemble Reforecasting: Improving Medium-range Forecast Skill Using Retrospective Forecasts},
	Volume = {132},
	Year = {2004}}

@article{Vrugt:2008,
	Author = {Vrugt, Jasper A. and Diks, Cees G.H. and Clark, Martyn P.},
	Journal = {Environmental Fluid Mechanics},
	Number = {5},
	Pages = {579--595},
	Publisher = {Springer},
	Title = {Ensemble {B}ayesian Model Averaging Using {M}arkov Chain {M}onte {C}arlo Sampling},
	Volume = {8},
	Year = {2008}}

@article{Hibbs:2000,
	Author = {Hibbs, Douglas A.},
	Journal = {Public Choice},
	Number = {1},
	Pages = {149--180},
	Publisher = {Springer},
	Title = {Bread and Peace Voting in {U.S.} Presidential Elections},
	Volume = {104},
	Year = {2000}}

@article{Hersbach:2000,
	Author = {Hersbach, Hans},
	Journal = {Weather and Forecasting},
	Number = {5},
	Pages = {559--570},
	Title = {Decomposition of the Continuous Ranked Probability Score for Ensemble Prediction Systems},
	Volume = {15},
	Year = {2000}}

@article{Martin:2004,
	Author = {Andrew D. Martin and Kevin M. Quinn and Theodore W. Ruger and Pauline T. Kim},
	Date-Modified = {2011-06-16 11:58:47 -0400},
	Journal = {Perspectives on Politics},
	Number = {2},
	Owner = {jacobmontgomery},
	Pages = {761-767},
	Timestamp = {2011.05.12},
	Title = {Competing Approaches to Predicting Supreme Court Decision Making},
	Volume = {2},
	Year = {2004}}

@article{Imai:2004,
	Author = {Imai, Kosuke and King, Gary},
	Date-Modified = {2011-06-10 11:02:14 -0400},
	Issn = {1537-5927},
	Journal = {Perspectives on Politics},
	Number = {3},
	Pages = {537--549},
	Publisher = {Cambridge Univ Press},
	Title = {Did Illegal Overseas Absentee Ballots Decide the 2000 {US} Presidential Election?},
	Volume = {2},
	Year = {2004}}

@article{Raftery:2005,
	Author = {Raftery, Adrian E. and Gneiting, Tilmann and Balabdaoui, Fadoua and Polakowski, Michael},
	Date-Modified = {2011-06-10 10:59:53 -0400},
	Issn = {0027-0644},
	Journal = {Monthly Weather Review},
	Number = {5},
	Pages = {1155--1174},
	Publisher = {Citeseer},
	Title = {Using {B}ayesian Model Averaging to Calibrate Forecast Ensembles},
	Volume = {133},
	Year = {2005}}

@article{Madigan:1994,
	Author = {Madigan, David and Raftery, Adrian E.},
	Issn = {0162-1459},
	Journal = {Journal of the American Statistical Association},
	Number = {428},
	Pages = {1535--1546},
	Publisher = {JSTOR},
	Title = {Model Selection and Accounting for Model Uncertainty in Graphical Models Using {O}ccam's Window},
	Volume = {89},
	Year = {1994}}

@article{Ruger:2004,
	Author = {Ruger, Theadore W. and Kim, Pauline T. and Martin, Andrew D. and Quinn, Kevin M.},
	Date-Modified = {2011-06-16 11:53:31 -0400},
	Issn = {0010-1958},
	Journal = {Columbia Law Review},
	Number = {4},
	Pages = {1150--1210},
	Publisher = {JSTOR},
	Title = {The {Supreme Court Forecasting Project}: {L}egal and Political Science Approaches to Predicting Supreme Court Decisionmaking},
	Volume = {104},
	Year = {2004}}

@article{Jerome:1999,
	Author = {Jerome, Bruno and Veronique Jerome and Michael S. Lewis-Beck},
	Date-Modified = {2011-06-14 15:12:27 -0400},
	Journal = {International Journal of Forecasting},
	Number = {2},
	Owner = {jacobmontgomery},
	Pages = {163-174},
	Timestamp = {2011.05.11},
	Title = {Polls Fail in {F}rance: Forecasts of the 1997 Legislative Election},
	Volume = {15},
	Year = {1999}}

@unpublished{Hibbs2011,
	Author = {Hibbs, Douglas},
	Date-Added = {2011-05-15 17:00:46 -0400},
	Date-Modified = {2011-06-08 18:47:49 -0400},
	Note = {\url{http://douglas-hibbs.com/Election2008/2008Election-MainPage.htm} (accessed March 08, 2011)},
	Title = {The Bread and Peace Model Applied to the 2008 {U.S.} Presidential Election},
	Year = {2011},
	Bdsk-Url-1 = {http://douglas-hibbs.com/Election2008/2008Election-MainPage.htm}}

@unpublished{Fair2011,
	Author = {Fair, Ray C.},
	Date-Added = {2011-05-15 16:59:32 -0400},
	Date-Modified = {2011-06-08 18:48:38 -0400},
	Note = {Working Paper, Yale University. \url{http://fairmodel.econ.yale.edu/vote2012/index2.htm} (accessed March 07, 2011)},
	Title = {Vote-Share Equations: November 2010 Update},
	Year = {2011},
	Bdsk-Url-1 = {http://fairmodel.econ.yale.edu/vote2012/index2.htm}}

@unpublished{Fair:2010,
	Author = {Fair, Ray C.},
	Date-Added = {2011-04-27 12:50:38 -0400},
	Date-Modified = {2011-06-08 18:50:35 -0400},
	Note = {Working Paper, Yale University. \url{http://fairmodel.econ.yale.edu/RAYFAIR/PDF/2010C.pdf} (accessed June 07, 2011)},
	Title = {Presidential and Congressional Vote-Share Equations: November 2010 Update},
	Year = {2010},
	Bdsk-Url-1 = {http://fairmodel.econ.yale.edu/RAYFAIR/PDF/2010C.pdf}}

@article{Fair:1978,
	Author = {Fair, Ray C.},
	Date-Added = {2011-04-27 12:36:23 -0400},
	Date-Modified = {2011-06-16 11:40:12 -0400},
	Journal = {The Review of Economics and Statistics},
	Number = {2},
	Pages = {159-173},
	Title = {The Effect of Economic Events on Votes For President},
	Volume = {60},
	Year = {1978}}

@article{Fair:2009,
	Author = {Fair, Ray C.},
	Date-Added = {2011-04-27 12:29:25 -0400},
	Date-Modified = {2011-04-27 13:01:07 -0400},
	Journal = {American Journal of Political Science},
	Number = {1},
	Pages = {55-72},
	Title = {Presidential and Congressional Vote-Share Equations},
	Volume = {53},
	Year = {2009}}

@article{Clarke_Signorino_2010,
	Author = {Clarke, Kevin A. and Signorino, Curtis S.},
	Date-Added = {2011-04-14 21:17:30 -0400},
	Date-Modified = {2011-04-14 21:21:05 -0400},
	Journal = {Political Studies},
	Number = {2},
	Pages = {368-388},
	Title = {Discriminating Methods: Tests for Non-nested Discrete Choice Models},
	Volume = {58},
	Year = {2010}}

@article{Rustad_etal_2011,
	Author = {Rustad, Siri Camilla Aas and Buhaug, Halvard and Falch, Ashild and Gates, Scott},
	Date-Added = {2011-04-14 12:04:22 -0400},
	Date-Modified = {2011-04-14 12:05:53 -0400},
	Journal = {Conflict Management and Peace Science},
	Number = {1},
	Pages = {15-40},
	Title = {All Conflict is Local: Modeling Sub-National Variation in Civil Conflict Risk},
	Volume = {28},
	Year = {2011}}

@article{Brandt_etal_2011,
	Author = {Brandt, Patrick T. and Freeman, John R. and Schrodt, Philip A.},
	Date-Added = {2011-04-14 12:00:29 -0400},
	Date-Modified = {2011-04-14 12:01:34 -0400},
	Journal = {Conflict Management and Peace Science},
	Number = {1},
	Pages = {41-64},
	Title = {Real Time, Time Series Forecasting of Inter- and Intra-State Political Conflict},
	Volume = {28},
	Year = {2011}}

@article{Schneider_etal_2011,
	Author = {Schneider, Gerald and Gleditsch, Nils Petter and Carey, Sabine},
	Date-Added = {2011-04-14 11:57:51 -0400},
	Date-Modified = {2011-04-14 12:00:11 -0400},
	Journal = {Conflict Management and Peace Science},
	Number = {1},
	Pages = {5-14},
	Title = {Forecasting in International Relations: One Quest, Three Approaches},
	Volume = {28},
	Year = {2011}}

@article{Mesquita_2011,
	Author = {{Bueno de Mesquita}, Bruce},
	Date-Added = {2011-04-14 11:52:14 -0400},
	Date-Modified = {2011-04-14 11:57:48 -0400},
	Journal = {Conflict Management and Peace Science},
	Number = {1},
	Pages = {65-85},
	Title = {A New Model for Predicting Policy Choices: Preliminary Tests},
	Volume = {28},
	Year = {2011}}

@article{Cuzan:Bundrick:2008,
	Author = {Cuz\`an, Alfred G. and Bundrick, Charles M.},
	Date-Added = {2011-03-07 12:51:15 -0500},
	Date-Modified = {2011-03-07 13:08:10 -0500},
	Journal = {PS: Political Science \& Politics},
	Number = {4},
	Pages = {717-722},
	Title = {Forecasting the 2008 Presidential Election: A Challenge for the Fiscal Model},
	Volume = {41},
	Year = {2008}}

@article{Lockerbie:2008,
	Author = {Lockerbie, Brad},
	Date-Added = {2011-03-07 12:49:34 -0500},
	Date-Modified = {2011-03-07 12:50:32 -0500},
	Journal = {PS: Political Science \& Politics},
	Number = {4},
	Pages = {713-716},
	Title = {Election Forecasting: The Future of the Presidency and the House},
	Volume = {41},
	Year = {2008}}

@article{Holbrook:2008,
	Author = {Holbrook, Thomas M.},
	Date-Added = {2011-03-07 12:46:30 -0500},
	Date-Modified = {2011-03-07 12:47:29 -0500},
	Journal = {PS: Political Science \& Politics},
	Number = {4},
	Pages = {709-712},
	Title = {Incumbency, National Conditions, and the 2008 Presidential Election},
	Volume = {41},
	Year = {2008}}

@article{Erikson:Wlezien:2008,
	Author = {Erikson, Robert S. and Wlezien, Christopher},
	Date-Added = {2011-03-07 12:45:28 -0500},
	Date-Modified = {2011-03-07 12:46:19 -0500},
	Journal = {PS: Political Science \& Politics},
	Number = {4},
	Pages = {703-707},
	Title = {Leading Economic Indicators, the Polls, and the Presidential Vote},
	Volume = {41},
	Year = {2008}}

@article{Campbell:1990,
	Author = {Campbell, James E. and Wink, Ken A.},
	Date-Modified = {2011-06-14 14:50:46 -0400},
	Journal = {American Politics Research},
	Number = {3},
	Pages = {251},
	Publisher = {Sage Publications},
	Title = {Trial-heat Forecasts of the Presidential Vote},
	Volume = {18},
	Year = {1990}}

@incollection{Armstrong:2001,
	Address = {Norwell, MA},
	Author = {Armstrong, J. Scott},
	Booktitle = {Principles of Forecasting: A Handbook for Researchers and Practitioners},
	Editor = {J. Scott Armstrong},
	Owner = {jacobmontgomery},
	Publisher = {Kluwer Academic Publishers},
	Timestamp = {2011.05.12},
	Title = {Combining Forecasts},
	Year = {2001}}

@article{Draper:1995,
	Author = {Draper, David},
	Issn = {0035-9246},
	Journal = {Journal of the Royal Statistical Society. Series B (Methodological)},
	Number = {1},
	Pages = {45--97},
	Publisher = {JSTOR},
	Title = {Assessment and Propagation of Model Uncertainty},
	Volume = {57},
	Year = {1995}}

@incollection{Clyde:2003,
	Address = {Hoboken, NJ},
	Author = {Clyde, Merlise},
	Booktitle = {Subjective and Objective Bayesian Statistics: Principles, Models and Applications},
	Date-Modified = {2011-06-08 09:39:23 -0400},
	Editor = {S. James Press},
	Owner = {jacobmontgomery},
	Pages = {320-335},
	Publisher = {Wiley-Interscience},
	Timestamp = {2011.03.04},
	Title = {Model Averaging},
	Year = {2003}}

@article{Clyde:2004,
	Author = {Clyde, Merlise and George, Edward I.},
	Issn = {0883-4237},
	Journal = {Statistical Science},
	Number = {1},
	Pages = {81--94},
	Publisher = {JSTOR},
	Title = {Model Uncertainty},
	Volume = {19},
	Year = {2004}}

@article{Bartels:1997,
	Author = {Bartels, Larry M.},
	Date-Modified = {2011-06-14 14:56:18 -0400},
	Have = {haveyes},
	Journal = {American Journal of Political Science},
	Keywords = {econometrics, specification},
	Number = {2},
	Pages = {641-674},
	Projects = {teaching, ps205},
	Title = {Specification Uncertainty and Model Averaging},
	Volume = {41},
	Year = {1997}}

@article{Bartels:2001,
	Author = {Bartels, Larry M. and Zaller, John},
	Date-Modified = {2011-06-10 11:01:24 -0400},
	Issn = {1049-0965},
	Journal = {PS: Political Science and Politics},
	Number = {1},
	Pages = {9--20},
	Publisher = {Cambridge Univ Press},
	Title = {Presidential Vote Models: A Recount},
	Volume = {34},
	Year = {2001}}

@article{Brown:1999,
	Author = {Brown, Lloyd B. and Chappell, Henry W.},
	Date-Modified = {2011-06-14 13:33:22 -0400},
	Journal = {International Journal of Forecasting},
	Number = {2},
	Pages = {127--135},
	Publisher = {Elsevier},
	Title = {Forecasting Presidential Elections Using History and Polls},
	Volume = {15},
	Year = {1999}}

@article{Greenhill:2011,
	Author = {Brian Greenhill and Michael D. Ward and Audrey Sacks},
	Date-Modified = {2011-06-09 11:53:03 -0400},
	Journal = {American Journal of Political Science},
	Owner = {jacobmontgomery},
	Pages = {{in press}},
	Timestamp = {2011.06.08},
	Title = {The Separation Plot: A New Visual Method for Evaluating the Fit of Binary Data},
	Year = {2011}}

@article{Abramowitz:2008,
	Author = {Abramowitz, Alan I.},
	Date-Added = {2011-03-07 12:43:07 -0500},
	Date-Modified = {2011-03-07 12:44:05 -0500},
	Journal = {PS: Political Science \& Politics},
	Number = {4},
	Pages = {691-695},
	Title = {Forecasting the 2008 Presidential Election with the Time-for-Change Model},
	Volume = {41},
	Year = {2008}}

@article{Lewis-Beck:Tien:2008,
	Author = {Lewis-Beck, Michael S. and Tien, Charles},
	Date-Added = {2011-03-07 12:42:00 -0500},
	Date-Modified = {2011-03-07 12:43:03 -0500},
	Journal = {PS: Political Science \& Politics},
	Number = {4},
	Pages = {687-690},
	Title = {The Job of President and the Jobs Model Forecast: Obama for '08?},
	Volume = {41},
	Year = {2008}}

@article{Norpoth:2008,
	Author = {Norpoth, Helmut},
	Date-Added = {2011-03-07 12:41:03 -0500},
	Date-Modified = {2011-03-07 12:41:56 -0500},
	Journal = {PS: Political Science \& Politics},
	Number = {4},
	Pages = {683-686},
	Title = {On the Razor's Edge: The Forecast of the Primary Model},
	Volume = {41},
	Year = {2008}}

@article{Campbell:2008,
	Author = {Campbell, James E.},
	Date-Added = {2011-03-07 12:39:19 -0500},
	Date-Modified = {2011-06-08 09:38:35 -0400},
	Journal = {PS: Political Science \& Politics},
	Number = {4},
	Pages = {697-701},
	Title = {The Trial-heat Forecast of the 2008 Presidential Vote: Performance and Value Considerations in an Open-Seat Election},
	Volume = {41},
	Year = {2008}}

@article{Brier:1950,
	Author = {Brier, Glenn W.},
	Date-Added = {2011-03-06 13:30:44 -0500},
	Date-Modified = {2011-03-06 13:31:58 -0500},
	Journal = {Monthly Weather Review},
	Number = {1},
	Pages = {1-3},
	Title = {Verification of Forecasts Expressed in Terms of Probability},
	Volume = {78},
	Year = {1950}}

@unpublished{PolityIV,
	Author = {Marshall, Monty G. and Jaggers, Keith and Gurr, Ted Robert},
	Date-Added = {2011-03-05 15:45:12 -0500},
	Date-Modified = {2011-03-05 15:45:12 -0500},
	Howpublished = {electronic Data File (version p4v2007)},
	Note = {CIDCM: University of Maryland, MD},
	Title = {Polity {IV} Project: Political Regime Characteristics and Transition 1800-2007},
	Year = {2009}}

@article{Goldstone:etal:2010,
	Author = {Goldstone, Jack A. and Bates, Robert H. and Epstein, David L. and Gurr, Ted Robert and Lustik, Michael B. and Marshall, Monty G. and Ulfelder, Jay and Woodward, Mark},
	Date-Added = {2011-03-05 13:18:40 -0500},
	Date-Modified = {2011-03-05 13:20:55 -0500},
	Journal = {American Journal of Political Science},
	Number = {1},
	Pages = {190-208},
	Title = {A Global Model for Forecasting Political Instability},
	Volume = {54},
	Year = {2010}}

@misc{Gleditsch:Ward:2010,
	Author = {Gleditsch, Kristian Skrede and Ward, Michael D.},
	Date-Added = {2011-03-05 12:47:44 -0500},
	Date-Modified = {2011-06-08 09:38:03 -0400},
	Howpublished = {Presented to the 2010 Annual Meeting of the International Studies Association, New Orleans, LA},
	Title = {Contentious Issues and Forecasting Interstate Disputes},
	Year = {2010}}

@article{Bennett:Stam:2009,
	Author = {Bennett, D. Scott and Stam, Allan C.},
	Date-Added = {2011-03-05 12:45:24 -0500},
	Date-Modified = {2011-03-05 12:46:47 -0500},
	Journal = {Conflict Management and Peace Science},
	Number = {3},
	Pages = {256-267},
	Title = {Revisiting Predictions of War Duration},
	Volume = {26},
	Year = {2009}}

@article{Brandt:etal:2008,
	Author = {Brandt, Patrick T. and Colaresi, Michael and Freeman, John R.},
	Date-Added = {2011-03-05 12:41:52 -0500},
	Date-Modified = {2011-03-05 12:44:08 -0500},
	Journal = {The Journal of Conflict Resolution},
	Number = {3},
	Pages = {343-374},
	Title = {The Dynamics of Reciprocity, Accountability, and Credibility},
	Volume = {52},
	Year = {2008}}

@article{Ward:etal:2007,
	Author = {Ward, Michael D. and Siverson, Randolph M. and Cao, Xun},
	Date-Added = {2011-03-05 11:58:16 -0500},
	Date-Modified = {2011-03-05 11:59:38 -0500},
	Journal = {American Journal of Political Science},
	Number = {3},
	Pages = {583-601},
	Title = {Disputes, Democracies, and Dependencies: A Re-examination of the {Kantian} Peace},
	Volume = {51},
	Year = {2007}}

@article{Leblang:Satyanath:2006,
	Author = {Leblang, David and Satyanath, Shanker},
	Date-Added = {2011-03-05 11:55:12 -0500},
	Date-Modified = {2011-03-05 11:57:23 -0500},
	Journal = {International Organization},
	Number = {1},
	Pages = {245-262},
	Title = {Institutions, Expectations, and Currency Crises},
	Volume = {60},
	Year = {2006}}

@article{Enders:Sandler:2005,
	Author = {Enders, Walter and Sandler, Todd Michael},
	Date-Added = {2011-03-05 11:53:04 -0500},
	Date-Modified = {2011-03-05 11:54:02 -0500},
	Journal = {The Journal of Conflict Resolution},
	Number = {2},
	Pages = {259-277},
	Title = {After 9/11: Is It All Different Now?},
	Volume = {49},
	Year = {2005}}

@article{Fearon:Laitin:2003,
	Author = {Fearon, James D. and Laitin, David D.},
	Date-Added = {2011-03-05 11:51:02 -0500},
	Date-Modified = {2011-03-05 11:52:34 -0500},
	Journal = {American Political Science Review},
	Number = {1},
	Pages = {75-90},
	Title = {Ethnicity, Insurgency and Civil War},
	Volume = {97},
	Year = {2003}}

@book{BDM:2002,
	Address = {Columbus, OH},
	Author = {{Bueno de Mesquita}, Bruce},
	Date-Added = {2011-03-05 11:49:49 -0500},
	Date-Modified = {2011-03-05 11:50:49 -0500},
	Publisher = {Ohio State University Press},
	Title = {Predicting Politics},
	Year = {2002}}

@article{Schrodt:Gerner:2000,
	Author = {Schrodt, Philip A. and Gerner, Deborah J.},
	Date-Added = {2011-03-05 11:40:01 -0500},
	Date-Modified = {2011-03-05 11:41:10 -0500},
	Journal = {American Political Science Review},
	Number = {4},
	Pages = {803-818},
	Title = {Using Cluster Analysis to Derive Early Warning Indicators for Political Change in the {Middle East}, 1979-1996},
	Volume = {94},
	Year = {2000}}

@article{Pevehouse:Goldstein:1999,
	Author = {Pevehouse, Jon C. and Goldstein, Joshua S.},
	Date-Added = {2011-03-05 11:35:36 -0500},
	Date-Modified = {2011-03-05 11:38:22 -0500},
	Journal = {The Journal of Conflict Resolution},
	Number = {4},
	Pages = {538-546},
	Title = {Serbian Compliance or Defiance in {Kosovo? Statistical} Analysis and Real-Time Predictions},
	Volume = {43},
	Year = {1999}}

@book{Davies:Gurr:1998,
	Address = {Lanham, Md},
	Author = {Davies, John L. and Gurr, Ted Robert},
	Date-Added = {2011-03-05 11:32:22 -0500},
	Date-Modified = {2011-03-05 12:58:20 -0500},
	Publisher = {Rowman \& Littlefield Publishers},
	Title = {Preventive Measures: Building Risk Assessment and Crisis Early Warning Systems},
	Year = {1998}}

@article{Krause:1997,
	Author = {Krause, George A.},
	Date-Added = {2011-03-05 11:31:05 -0500},
	Date-Modified = {2011-03-05 11:32:06 -0500},
	Journal = {American Journal of Political Science},
	Number = {4},
	Pages = {1170-1200},
	Title = {Voters, Information Heterogeneity, and the Dynamics of Aggregate Economic Expectations},
	Volume = {41},
	Year = {1997}}

@article{Campbell:1992,
	Author = {Campbell, James E.},
	Date-Added = {2011-03-05 11:22:53 -0500},
	Date-Modified = {2011-03-05 11:23:53 -0500},
	Journal = {American Journal of Political Science},
	Number = {2},
	Pages = {386-407},
	Title = {Forecasting the Presidential Vote in the States},
	Volume = {36},
	Year = {1992}}

@article{Vincent:1980,
	Author = {Vincent, Jack E.},
	Date-Added = {2011-03-05 11:21:15 -0500},
	Date-Modified = {2011-03-05 11:22:15 -0500},
	Journal = {International Studies Quarterly},
	Number = {3},
	Pages = {450-454},
	Title = {Scientific Prediction versus Crystal Ball Gazing: Can the Unknown be Known?},
	Volume = {24},
	Year = {1980}}

@book{Singer:Wallace:1979,
	Address = {Beverly Hills, CA},
	Author = {Singer, J. David and Wallace, Michael D.},
	Date-Added = {2011-03-05 11:18:54 -0500},
	Date-Modified = {2011-06-06 17:20:34 -0400},
	Publisher = {Sage Publications},
	Title = {To Augur Well: Early Warning Indicators in World Politics},
	Year = {1979}}

@book{Choucri:Robinson:1978,
	Address = {San Francisco},
	Date-Added = {2011-03-05 11:14:35 -0500},
	Date-Modified = {2011-06-06 12:40:49 -0400},
	Editor = {Choucri, Nazli and Robinson, Thomas W.},
	Publisher = {W.H. Freeman},
	Title = {Forecasting in International Relations: Theory, Methods, Problems, Prospects},
	Year = {1978}}

@article{Andriole:Young:1977,
	Author = {Andriole, Stephen J. and Young, Robert A.},
	Date-Added = {2011-03-05 11:07:57 -0500},
	Date-Modified = {2011-03-05 11:09:58 -0500},
	Journal = {International Studies Quarterly},
	Number = {1},
	Pages = {107-150},
	Title = {Toward the Development of an Integrated Crisis Warning System},
	Volume = {21},
	Year = {1977}}

@article{Beck:etal:2004,
	Author = {Beck, Nathaniel and King, Gary and Zeng, Langche},
	Date-Added = {2011-03-04 20:18:22 -0500},
	Date-Modified = {2011-03-04 20:19:54 -0500},
	Journal = {American Political Science Review},
	Number = {2},
	Pages = {379-389},
	Title = {Theory and Evidence in International Conflict: A Response to de Marchi, Gelpi and Grynaviski},
	Volume = {98},
	Year = {2004}}

@article{Demarchi:etal:2004,
	Author = {de Marchi, Scott and Gelpi, Christopher and Grynaviski, Jeffrey D.},
	Date-Added = {2011-03-04 20:09:37 -0500},
	Date-Modified = {2011-03-04 20:11:26 -0500},
	Journal = {American Political Science Review},
	Number = {2},
	Pages = {371-378},
	Title = {Untangling Neural Nets},
	Volume = {98},
	Year = {2004}}

@article{Doran:1999,
	Author = {Doran, Charles F.},
	Date-Added = {2011-03-04 20:02:14 -0500},
	Date-Modified = {2011-03-04 20:04:30 -0500},
	Journal = {International Studies Review},
	Number = {2},
	Pages = {11-41},
	Title = {Why Forecasts Fail: The Limits and Potential of Forecasting in International Relations and Economics},
	Volume = {1},
	Year = {1999}}

@article{Feder:2002,
	Author = {Feder, Stanley A.},
	Date-Added = {2011-03-04 19:57:43 -0500},
	Date-Modified = {2011-03-04 20:00:55 -0500},
	Journal = {Annual Review of Political Science},
	Pages = {111-125},
	Title = {Forecasting For Policy Making in the Post-Cold War Period},
	Volume = {5},
	Year = {2002}}

@article{Freeman:Job:1979,
	Author = {Freeman, John R. and Job, Brian L.},
	Date-Added = {2011-03-04 19:42:19 -0500},
	Date-Modified = {2011-03-04 19:43:34 -0500},
	Journal = {International Studies Quarterly},
	Number = {1},
	Pages = {113-143},
	Title = {Scientific Forecasts in International Relations: Problems of Definition and Epistemology},
	Volume = {23},
	Year = {1979}}

@article{OBrien:2002,
	Author = {O'Brien, Sean P.},
	Date-Added = {2011-03-04 19:37:24 -0500},
	Date-Modified = {2011-03-04 19:39:26 -0500},
	Journal = {Journal of Conflict Resolution},
	Number = {6},
	Pages = {791-811},
	Title = {Anticipating the Good, the Bad, and the Ugly: An Early Warning Approach to Conflict and Instability Analysis},
	Volume = {46},
	Year = {2002}}

@article{King:Zeng:2001,
	Author = {King, Gary and Zeng, Langche},
	Date-Added = {2011-03-04 19:32:34 -0500},
	Date-Modified = {2011-03-04 19:33:34 -0500},
	Journal = {World Politics},
	Number = {4},
	Pages = {623-658},
	Title = {Improving Forecasts of State Failure},
	Volume = {53},
	Year = {2001}}

@article{Gurr:Lichbach:1986,
	Author = {Gurr, Ted Robert and Lichbach, Mark Irving},
	Date-Added = {2011-03-04 19:27:45 -0500},
	Date-Modified = {2011-03-05 11:34:19 -0500},
	Journal = {Comparative Political Studies},
	Number = {3},
	Pages = {3-38},
	Title = {Forecasting Internal Conflict: A Competitive Evaluation of Empirical Theories},
	Volume = {19},
	Year = {1986}}

@article{Hildebrand:etal:1976,
	Author = {Hildebrand, David K. and Laing, James D. and Rosenthal, Howard},
	Date-Added = {2011-03-04 19:10:32 -0500},
	Date-Modified = {2011-03-04 19:16:18 -0500},
	Journal = {The American Political Science Review},
	Number = {2},
	Pages = {509-535},
	Title = {Prediction Analysis in Political Research},
	Volume = {70},
	Year = {1976}}

@article{OBrien:2010,
	Author = {O'Brien, Sean P.},
	Date-Added = {2011-03-04 19:04:02 -0500},
	Date-Modified = {2011-03-04 19:08:39 -0500},
	Journal = {International Studies Review},
	Number = {1},
	Pages = {87-104},
	Title = {Crisis Early Warning and Decision Support: Contemporary Approaches and Thoughts on Future Research},
	Volume = {12},
	Year = {2010}}

@article{Bates:1969,
	Author = {Bates, John M. and Granger, Clive W. J.},
	Date-Modified = {2011-06-29 16:39:02 -0400},
	Journal = {Operations Research},
	Number = {4},
	Pages = {451--468},
	Publisher = {JSTOR},
	Title = {The Combination of Forecasts},
	Volume = {20},
	Year = {1969}}

@article{Wright:2009,
	Author = {Jonathan H. Wright},
	Date-Modified = {2011-06-16 11:36:11 -0400},
	Journal = {Journal of Forecasting},
	Number = {2},
	Owner = {jacobmontgomery},
	Pages = {131-144},
	Timestamp = {2011.06.14},
	Title = {Forecasting {US} Inflation by {B}ayesian Model Averaging},
	Volume = {28},
	Year = {2009}}

@unpublished{Koop:2010,
	Author = {Koop, Gary and Korobilis, Dimitris},
	Date-Modified = {2011-06-14 13:49:56 -0400},
	Note = {Working Paper. \url{http://personal.strath.ac.uk/gary.koop/koop_korobilis_forecasting_inflation_using_DMA.pdf} (accessed May 25, 2011)},
	Title = {Forecasting Inflation Using Dynamic Model Averaging},
	Year = {2009},
	Bdsk-Url-1 = {http://personal.strath.ac.uk/gary.koop/koop_korobilis_forecasting_inflation_using_DMA.pdf}}

@unpublished{Gneiting:2010,
	Author = {Tilmann Gneiting and Thordis L. Thorarinsdottir},
	Date-Modified = {2011-06-14 13:46:34 -0400},
	Note = {Working Paper. \url{http://arxiv.org/abs/1010.2318v1} (accessed June 15, 2011)},
	Title = {Predicting Inflation: Professional Experts Versus No-Change Forecasts},
	Year = {2010},
	Bdsk-Url-1 = {http://arxiv.org/abs/1010.2318v1}}

@unpublished{Billio:2011,
	Author = {Billio, Monica and Casarin, Roberto and Ravazzolo, Francesco and Van Dijk, Herman K.},
	Date-Modified = {2011-06-14 14:59:18 -0400},
	Note = {Tinbergen Institute Discussion Paper No. 2011-082/4. \url{http://www.tinbergen.nl/discussionpapers/11082.pdf} (accessed June 1, 2011)},
	Title = {Bayesian Combinations of Stock Price Predictions with an Application to the {A}msterdam Exchange Index},
	Year = {2011}}

@article{Brock:2007,
	Author = {Brock, William A. and Durlauf, Steven N. and West, Kenneth D.},
	Journal = {Journal of Econometrics},
	Number = {2},
	Pages = {629--664},
	Publisher = {Elsevier},
	Title = {Model Uncertainty and Policy Evaluation: Some Theory and Empirics},
	Volume = {136},
	Year = {2007}}

@unpublished{Billio:2010,
	Author = {Billio, Monica and Casarin, Roberto and Ravazzolo, Francesco and Van Dijk, Herman K.},
	Date-Modified = {2011-06-14 13:27:25 -0400},
	Note = {Norges Bank Working Paper. \url{http://ssrn.com/abstract=1735421} (accessed June 1, 2011)},
	Publisher = {Norges Bank},
	Title = {Combining Predictive Densities Using {B}ayesian Filtering with Applications to {US} Economics Data},
	Year = {2010},
	Bdsk-Url-1 = {http://ssrn.com/abstract=1735421}}

@article{Wright:2008,
	Author = {Jonathan H. Wright},
	Date-Modified = {2011-06-16 11:35:44 -0400},
	Journal = {Journal of Econometrics},
	Number = {2},
	Owner = {jacobmontgomery},
	Pages = {329-341},
	Timestamp = {2011.06.14},
	Title = {Bayesian Model Averaging and Exchange Rate Forecasts},
	Volume = {146},
	Year = {2008}}

@article{Berrocal:2010,
	Author = {Berrocal, Veronica J. and Raftery, Arian E. and Gneiting, Tilmann and Steed, Richard C.},
	Journal = {Journal of the American Statistical Association},
	Number = {490},
	Pages = {522--537},
	Publisher = {ASA},
	Title = {Probabilistic Weather Forecasting for Winter Road Maintenance},
	Volume = {105},
	Year = {2010}}

@article{Chmielecki:2010,
	Author = {Chmielecki, Richard M. and Raftery, Arian E.},
	Journal = {Monthly Weather Review},
	Pages = {1626--1636},
	Title = {Probabilistic Visibility Forecasting Using {B}ayesian Model Averaging},
	Volume = {139},
	Year = {2010}}

@article{Viney:2009,
	Author = {J.A. Huisman and L. Breuer and H. Bormann and A. Bronstert and B.F.W. Croke and H.-G. Frede and T. Gr{\"a}ff and L. Hubrechts and A.J. Jakeman and G. Kite and J. Lanini and G. Leavesley and D.P. Lettenmaier and G. Lindstr{\"o}m and J. Seibert and M. Sivapalan and N.R. Viney and P. Willems},
	Date-Modified = {2011-06-14 15:34:29 -0400},
	Journal = {Advances in Water Resources},
	Number = {2},
	Pages = {147--158},
	Publisher = {Elsevier},
	Title = {Assessing the Impact of Land Use Change on Hydrology by Ensemble Modelling {(LUCHEM) II}: Ensemble Combinations and Predictions},
	Volume = {32},
	Year = {2009}}

@article{Min:2006,
	Author = {Min, Seung-Ki and Hense, Andreas},
	Journal = {Geophysical Research Letters},
	Number = {8},
	Pages = {L08708},
	Publisher = {American Geophysical Union},
	Title = {A {B}ayesian Approach to Climate Model Evaluation and Multi-Model Averaging with an Application to Global Mean Surface Temperatures from {IPCC AR4} Coupled Climate Models},
	Volume = {33},
	Year = {2006}}

@article{Min:2007,
	Author = {Min, Seung-Ki and Simonis, Daniel and Hense, Andreas},
	Journal = {Philosophical Transactions of the Royal Society A: Mathematical, Physical and Engineering Sciences},
	Number = {1857},
	Pages = {2103-2116},
	Publisher = {The Royal Society},
	Title = {Probabilistic Climate Change Predictions Applying {B}ayesian Model Averaging},
	Volume = {365},
	Year = {2007}}

@article{Smith:2009,
	Author = {Smith, Richard L. and Tebaldi, Claudia and Nychka, Doug and Mearns, Linda O.},
	Journal = {Journal of the American Statistical Association},
	Number = {485},
	Pages = {97--116},
	Publisher = {ASA},
	Title = {Bayesian Modeling of Uncertainty in Ensembles of Climate Models},
	Volume = {104},
	Year = {2009}}

@article{Zhang:2009,
	Author = {Zhang, Xuesong and Srinivasan, Raghavan and Bosch, David},
	Date-Modified = {2011-06-14 13:59:29 -0400},
	Journal = {Journal of Hydrology},
	Number = {3-4},
	Pages = {307--317},
	Publisher = {Elsevier},
	Title = {Calibration and Uncertainty Analysis of the {SWAT} Model Using Genetic Algorithms and {B}ayesian Model Averaging},
	Volume = {374},
	Year = {2009}}

@article{Fraley:2010,
	Author = {Fraley, Chris and Raftery, Adrian E. and Gneiting, Tilmann},
	Date-Modified = {2011-06-14 15:08:14 -0400},
	Journal = {Monthly Weather Review},
	Number = {1},
	Pages = {190--202},
	Publisher = {Citeseer},
	Title = {Calibrating Multimodel Forecast Ensembles with Exchangeable and Missing Members Using {B}ayesian Model Averaging},
	Volume = {138},
	Year = {2010}}

@article{Mccandless:2011,
	Author = {McCandless, Tyler C. and Haupt, Sue Ellen and Young, George S.},
	Journal = {Journal of Computers},
	Number = {2},
	Pages = {162--171},
	Title = {The Effects of Imputing Missing Data on Ensemble Temperature Forecasts},
	Volume = {6},
	Year = {2011}}

@article{Vrugt:2006,
	Author = {Vrugt, Jasper A. and Clark, Martyn P. and Diks, Cees G.H. and Duan, Qinyun and Robinson, Bruce A.},
	Date-Modified = {2011-06-14 13:58:45 -0400},
	Journal = {Geophysical Research Letters},
	Pages = {L19817},
	Title = {Multi-Objective Calibration of Forecast Ensembles Using {B}ayesian Model Averaging},
	Volume = {33},
	Year = {2006}}

@article{Raftery:2010,
	Author = {Raftery, Adrian E. and K{\'a}rn{\`y}, Miroslav and Ettler, Pavel},
	Journal = {Technometrics},
	Number = {1},
	Pages = {52--66},
	Publisher = {NIH Public Access},
	Title = {Online Prediction Under Model Uncertainty via Dynamic Model Averaging: Application to a Cold Rolling Mill},
	Volume = {52},
	Year = {2010}}

@article{Muhlbaier:2007,
	Author = {Muhlbaier, Michael D. and Polikar, Robi},
	Journal = {Multiple Classifier Systems},
	Pages = {490--500},
	Publisher = {Springer},
	Title = {An Ensemble Approach for Incremental Learning in Nonstationary Environments},
	Volume = {4472},
	Year = {2007}}

@unpublished{Mccormick:2011,
	Author = {Tyler H. McCormick and Adrian E. Raftery and David Madigan and Randall S. Burd},
	Date-Modified = {2011-06-14 13:52:15 -0400},
	Note = {Working Paper. \url{http://www.stat.columbia.edu/~madigan/PAPERS/ldbma27.pdf} (accessed March 26, 2011)},
	Owner = {jacobmontgomery},
	Timestamp = {2011.06.14},
	Title = {Dynamic Logistic Regression and Dynamic Model Averaging for Binary Classification},
	Year = {2011},
	Bdsk-Url-1 = {http://www.stat.columbia.edu/~madigan/PAPERS/ldbma27.pdf}}

@unpublished{Tomas:2011,
	Author = {Amber Tomas},
	Date-Modified = {2011-06-14 13:57:56 -0400},
	Note = {Working Paper. \url{http://www.stats.ox.ac.uk/~tomas/html_links/T2011.pdf} (accessed June 1, 2011)},
	Owner = {jacobmontgomery},
	Timestamp = {2011.06.14},
	Title = {A Dynamic Logistic Multiple Classifier System for Online Classification},
	Year = {2011},
	Bdsk-Url-1 = {http://www.stats.ox.ac.uk/~tomas/html_links/T2011.pdf}}

@unpublished{Fraley:2009,
	Author = {Fraley, Chris and Raftery, Adrian E. and Gneiting, Tilmann and Sloughter, J. McLean},
	Date-Modified = {2011-06-14 13:43:08 -0400},
	Note = {\url{http://www.stat.washington.edu/www/research/reports/2008/tr516.pdf} (accessed March 24, 2011)},
	Title = {ensembleBMA: An R Package for Probabilistic Forecasting Using Ensembles and Bayesian Model Averaging},
	Year = {2009},
	Bdsk-Url-1 = {http://www.stat.washington.edu/www/research/reports/2008/tr516.pdf}}

@article{Fraley:Forthcoming,
	Author = {Fraley, Chris and Raftery, Adrian E. and Gneiting, Tilmann and Sloughter, J. McLean and Berrocal, Veronica J.},
	Date-Modified = {2011-06-14 15:07:05 -0400},
	Journal = {R Journal},
	Pages = {{in press}},
	Title = {Probabilistic Weather Forecasting in {R}},
	Year = {2011}}

@book{Ascher:1979,
	Address = {Baltimore, MD},
	Author = {William Ascher},
	Owner = {jacobmontgomery},
	Publisher = {Johns Hopkins University Press},
	Timestamp = {2011.06.15},
	Title = {Forecasting, an Appraisal for Policy-Makers and Planners},
	Year = {1979}}

@unpublished{Fraley:2010b,
	Author = {Chris Fraley and Adrian E. Raftery and J. McLean Sloughter and Tilmann Gneiting and University of Washington with contributions from Bobby Yuen and Michael Polokowski},
	Date-Modified = {2011-07-03 16:44:34 -0400},
	Note = {R package version 4.5. \url{http://CRAN.R-project.org/package=ensembleBMA} (accessed November 2010)},
	Title = {ensembleBMA: Probabilistic Forecasting using Ensembles and Bayesian Model Averaging},
	Year = {2010},
	Bdsk-Url-1 = {http://CRAN.R-project.org/package=ensembleBMA}}

@article{Spiegelhalter:2002,
	Author = {Spiegelhalter, David J. and Best, Nicola G. and Carlin, Bradley P. and Van der Linde, Angelika},
	Journal = {Journal of the Royal Statistical Society. Series B (Statistical Methodology)},
	Number = {4},
	Pages = {583--639},
	Title = {Bayesian Measures of Model Complexity and Fit},
	Volume = {64},
	Year = {2002}}
